@article{Chomsky,
title={Chomsky N . Aspects of the theory of syntax[J]. College Composition \& Communication, 1965, 21(1):1092-5.}
},
@article{以太坊,
title={Wood G. Ethereum: A secure decentralised generalised transaction ledger[J]. Ethereum project yellow paper, 2014, 151(2014): 1-32.}
},
@book{汇编语言,
title={汇编语言},
author={汇编语言},
},
@book{FORTRAN,
title={程序设计语言FORTRAN ISO 1539-1972}
}
@techreport{gcc编译,
title={GCC, the GNU Compiler Collection}
},
@ARTICLE{大数据,  author={X. {Chen} and X. {Lin}},  journal={IEEE Access},  title={Big Data Deep Learning: Challenges and Perspectives},   year={2014},  volume={2},  number={},  pages={514-525},},
@article{seti,
title={Anderson D P, Cobb J, Korpela E, et al. SETI@ home: an experiment in public-resource computing[J]. Communications of the ACM, 2002, 45(11): 56-61.}
}
@techreport{费电,
title={比特币挖矿耗电量巨大，会致人类三年后无电可用},
author={吴娅坤},
institution={观察者网},
year={2018}
}
@article{vggnet,
title={Simonyan, Karen, and Andrew Zisserman. "Very deep convolutional networks for large-scale image recognition." arXiv preprint arXiv:1409.1556 (2014).}
}
@article{alexnet,
title={Krizhevsky, Alex, Ilya Sutskever, and Geoffrey E. Hinton. "Imagenet classification with deep convolutional neural networks." Advances in neural information processing systems. 2012.}
}
@article{参数平均,
title={Hang Su and Haoyu Chen. Experiments on parallel training of deep neural network using model averaging. arXiv preprint arXiv:1507.01239, 2015.}
}
@techreport{显存,
title={GPU显存与深度学习中批量（batch size）的联系},

institution={知乎},
year={2018}
}
@book{算法导论,
title={算法导论},
author={托马斯·科尔曼、查尔斯·雷瑟尔森、罗纳德·李维斯},
}